@ARTICLE{KorBell,
	AUTHOR = "Robert M. Bell and Yehuda Koren and Chris Volinsky",
	TITLE = "The BellKor solution to the Netflix Prize",
	YEAR = {2007}
}

@ARTICLE{BellKor,
	AUTHOR= "Robert M. Bell and Yehuda Koren and Chris Volinsky",
	TITLE= "The BellKor 2008 solution to the Netflix Prize",
	YEAR = {2008}
}




